<?xml version="1.0" encoding="UTF-8"?><collection xmlns="http://www.loc.gov/MARC21/slim"><record><leader>00343nam--2200133-i-4500</leader><controlfield tag="001">000025542</controlfield><controlfield tag="002">20161230</controlfield><controlfield tag="005">20161230201036</controlfield><controlfield tag="008">060222s1000------------r-----000-0-eng-d</controlfield><datafield ind1=" " ind2=" " tag="080"><subfield code="a">530.145(043)</subfield></datafield><datafield ind1=" " ind2=" " tag="100"><subfield code="a">Julia, Bernard</subfield></datafield><datafield ind1=" " ind2=" " tag="245"><subfield code="a">Etude theoriques des camps de juage. these</subfield></datafield><datafield ind1=" " ind2=" " tag="260"><subfield code="a">Paris, L`Universite, 1978, 39p.+ Dif</subfield></datafield><datafield ind1=" " ind2=" " tag="852"><subfield code="a">48479</subfield></datafield></record></collection>